@inproceedings{datamining-concepts-and-techniques,
    author = {Jiawei Han, Micheline Kamber, Jian Pei},
    booktitle = {Datamining - Concepts and Techniques},
    title = {Datamining - Concepts and Techniques, (3rd Edition)},
    year = {2012},
    isbn = {978-0-12-381479-1},
    numpages = {703}
}
