@Misc{XAJ,
    note = {[Stand: 11.2.2014]},
    url = {http://beets.radbox.org/},
    howpublished = "\url{http://beets.radbox.org/}",
    key = {XAJ}
}

@Misc{I0Y,
    note = {[Stand: 11.2.2014]},
    url = {http://creativecommons.org/licenses/by/3.0/de/},
    howpublished = "\url{http://creativecommons.org/licenses/by/3.0/de/}",
    key = {I0Y}
}

@Misc{AHX,
    note = {[Stand: 11.2.2014]},
    url = {http://hop.at/mirage/},
    howpublished = "\url{http://hop.at/mirage/}",
    key = {AHX}
}

@Misc{THV,
    note = {[Stand: 11.2.2014]},
    url = {http://libmunin.readthedocs.org/en/latest/logbuch.html},
    howpublished = "\url{http://libmunin.readthedocs.org/en/latest/logbuch.html}",
    key = {THV}
}


@Misc{XXX,
    note = {[Stand: 11.2.2014]},
    url = {http://amazon.de},
    howpublished = "\url{http://amazon.de}",
    key = {XXX}
}


@Misc{3A3,
    note = {[Stand: 11.2.2014]},
    url = {http://musicbrainz.org/},
    howpublished = "\url{http://musicbrainz.org/}",
    key = {3A3}
}


@Misc{ZMF,
    note = {[Stand: 11.2.2014]},
    url = {http://musicovery.com/},
    howpublished = "\url{http://musicovery.com/}",
    key = {ZMF}
}


@Misc{8MD,
    note = {[Stand: 11.2.2014]},
    url = {http://sahib.github.io/libmunin-thesis/gitstats/index.html},
    howpublished = "\url{http://sahib.github.io/libmunin-thesis/gitstats/index.html}",
    key = {8MD}
}


@Misc{D4V,
    note = {[Stand: 11.2.2014]},
    url = {http://sahib.github.io/libmunin-thesis/html/rst/index.html},
    howpublished = "\url{http://sahib.github.io/libmunin-thesis/html/rst/index.html}",
    key = {D4V}
}


@Misc{30T,
    note = {[Stand: 11.2.2014]},
    url = {http://www.jamendo.com/},
    howpublished = "\url{http://www.jamendo.com/}",
    key = {30T}
}


@Misc{9NT,
    note = {[Stand: 11.2.2014]},
    url = {http://www.last.fm},
    howpublished = "\url{http://www.last.fm}",
    key = {9NT}
}


@Misc{3W5,
    note = {[Stand: 11.2.2014]},
    url = {http://www.mopidy.com/},
    howpublished = "\url{http://www.mopidy.com/}",
    key = {3W5}
}


@Misc{UZB,
    note = {[Stand: 11.2.2014]},
    url = {http://www.mufin.com/products/audiogen/},
    howpublished = "\url{http://www.mufin.com/products/audiogen/}",
    key = {UZB}
}


@Misc{IKC,
    note = {[Stand: 11.2.2014]},
    url = {http://www.mufin.com/usecase/music-recommendation/},
    howpublished = "\url{http://www.mufin.com/usecase/music-recommendation/}",
    key = {IKC}
}


@Misc{IDK,
    note = {[Stand: 11.2.2014]},
    url = {http://www.tastekid.com/},
    howpublished = "\url{http://www.tastekid.com/}",
    key = {IDK}
}


@Misc{WNN,
    note = {[Stand: 11.2.2014]},
    url = {http://www.youtube.de},
    howpublished = "\url{http://www.youtube.de}",
    key = {WNN}
}


@Misc{HJ7,
    note = {[Stand: 11.2.2014]},
    url = {https://github.com/marsyas/marsyas},
    howpublished = "\url{https://github.com/marsyas/marsyas}",
    key = {HJ7}
}


@Misc{XVG,
    note = {[Stand: 11.2.2014]},
    url = {https://github.com/mopidy/mopidy/issues/620},
    howpublished = "\url{https://github.com/mopidy/mopidy/issues/620}",
    key = {XVG}
}


@Misc{0FN,
    note = {[Stand: 11.2.2014]},
    url = {https://github.com/piem/aubio},
    howpublished = "\url{https://github.com/piem/aubio}",
    key = {0FN}
}


@Misc{9XU,
    note = {[Stand: 11.2.2014]},
    url = {https://github.com/sahib/glyr},
    howpublished = "\url{https://github.com/sahib/glyr}",
    key = {9XU}
}


@Misc{Y41,
    note = {[Stand: 11.2.2014]},
    url = {https://github.com/sahib/libmunin},
    howpublished = "\url{https://github.com/sahib/libmunin}",
    key = {Y41}
}


@Misc{IBL,
    note = {[Stand: 11.2.2014]},
    url = {https://github.com/sahib/libmunin/graphs},
    howpublished = "\url{https://github.com/sahib/libmunin/graphs}",
    key = {IBL}
}


@Misc{JH7,
    note = {[Stand: 11.2.2014]},
    url = {https://github.com/studentkittens/moosecat},
    howpublished = "\url{https://github.com/studentkittens/moosecat}",
    key = {JH7}
}


@Misc{5LX,
    note = {[Stand: 11.2.2014]},
    url = {https://libmunin.rtfd.org},
    howpublished = "\url{https://libmunin.rtfd.org}",
    key = {5LX}
}


@Misc{O6Q,
    note = {[Stand: 11.2.2014]},
    url = {https://pypi.python.org/pypi/libmunin/},
    howpublished = "\url{https://pypi.python.org/pypi/libmunin/}",
    key = {O6Q}
}


@Misc{JIU,
    note = {[Stand: 11.2.2014]},
    url = {https://travis-ci.org/sahib/libmunin},
    howpublished = "\url{https://travis-ci.org/sahib/libmunin}",
    key = {JIU}
}


@Misc{JV6,
    note = {[Stand: 11.2.2014]},
    url = {https://www.archlinux.org/},
    howpublished = "\url{https://www.archlinux.org/}",
    key = {JV6}
}


@Misc{OH9,
    note = {[Stand: 11.2.2014]},
    url = {https://www.last.fm},
    howpublished = "\url{https://www.last.fm}",
    key = {OH9}
}
